
    <marc:record>
        <marc:leader>00773npmaa22001335a 4500</marc:leader>
        <marc:controlfield tag="001">003866228</marc:controlfield>
        <marc:controlfield tag="005">20171030152147.0</marc:controlfield>
        <marc:controlfield tag="008">050519i18051841gw ||||| |||||||||||eng d</marc:controlfield>
        <marc:datafield tag="099" ind1=" " ind2=" ">
            <marc:subfield code="a">Sec. A</marc:subfield>
        </marc:datafield>
        <marc:datafield tag="100" ind1="1" ind2=" ">
            <marc:subfield code="a">Carro, Joannes de,</marc:subfield>
            <marc:subfield code="d">1770-1857.</marc:subfield>
        </marc:datafield>
        <marc:datafield tag="245" ind1="1" ind2="0">
            <marc:subfield code="a">Joannes de Carro letter,</marc:subfield>
            <marc:subfield code="f">1805, 1841</marc:subfield>
        </marc:datafield>
        <marc:datafield tag="300" ind1=" " ind2=" ">
            <marc:subfield code="a">1</marc:subfield>
            <marc:subfield code="f">item</marc:subfield>
        </marc:datafield>
        <marc:datafield tag="545" ind1=" " ind2=" ">
            <marc:subfield code="a">Austrian physician and author of a number of works about the mineral springs at Carlsbad, vaccination, and other subjects.</marc:subfield>
        </marc:datafield>
        <marc:datafield tag="520" ind1="8" ind2=" ">
            <marc:subfield code="a">On July 24, 1805, Frederic North, Governor of Ceylon, responded to de Carro's inquiries and noted Jonville, Barnard, and Thomas Christie, physician who introduced vaccination into Ceylon. The manuscript contains a signed, autograph note by Carro dated 1841 in which he stated that Christie was his correspondent about vaccination in Ceylon.</marc:subfield>
        </marc:datafield>
    </marc:record>